<?xml version="1.0" encoding="UTF-8"?><collection xmlns="http://www.loc.gov/MARC21/slim"><record><leader>00439nam--2200121-i-4500</leader><controlfield tag="001">000030878</controlfield><controlfield tag="002">20161230</controlfield><controlfield tag="005">20161230201038</controlfield><controlfield tag="008">060222s1000------------r-----000-0-eng-d</controlfield><datafield ind1=" " ind2=" " tag="245"><subfield code="a">Materialuntersuchungen mit hilfe des reaktors und spezielle materialien der reaktortechnik. sektion iv</subfield></datafield><datafield ind1=" " ind2=" " tag="260"><subfield code="a">Rossendorf, Zentralinstitut Fur Kernphysik, 1960, 9p.+ 4 Fig</subfield></datafield><datafield ind1=" " ind2=" " tag="490"><subfield code="a">Reaktor-tagung, Rossendorf Bei Dresden, 13-18 Juni, 1960</subfield></datafield><datafield ind1=" " ind2=" " tag="852"><subfield code="a">6951</subfield></datafield></record></collection>